<record><leader>00000cas a22000007a 4500</leader><controlfield tag="001">12137454</controlfield><controlfield tag="008">850610d1865186uohuwr ne      0    0eng d</controlfield><datafield ind1=" " ind2=" " tag="010"><subfield code="a">sn 85026266 </subfield></datafield><datafield ind1=" " ind2=" " tag="040"><subfield code="a">NPX</subfield><subfield code="b">eng</subfield><subfield code="c">NPX</subfield><subfield code="d">DLC</subfield><subfield code="d">ONP</subfield><subfield code="d">NVF</subfield><subfield code="d">OCLCQ</subfield><subfield code="d">OCLCF</subfield><subfield code="d">OCLCO</subfield></datafield><datafield ind1="1" ind2=" " tag="029"><subfield code="a">AU@</subfield><subfield code="b">000020377913</subfield></datafield><datafield ind1=" " ind2=" " tag="042"><subfield code="a">msc</subfield></datafield><datafield ind1="0" ind2="4" tag="245"><subfield code="a">The Springfield news and republic.</subfield></datafield><datafield ind1="3" ind2="0" tag="246"><subfield code="a">Weekly news and republic</subfield></datafield><datafield ind1="1" ind2="3" tag="246"><subfield code="a">News and republic</subfield></datafield><datafield ind1=" " ind2=" " tag="260"><subfield code="a">Springfield, O. [Ohio] :</subfield><subfield code="b">Hastings &amp; Nichols</subfield></datafield><datafield ind1=" " ind2=" " tag="300"><subfield code="a">v.</subfield></datafield><datafield ind1=" " ind2=" " tag="310"><subfield code="a">Weekly</subfield></datafield><datafield ind1="0" ind2=" " tag="362"><subfield code="a">Vol. 25, no. 8 (Feb. 16, 1865)-v. 25, no. 17 (Apr. 20, 1865) ; 46th year, no. 18 (Apr. 27, 1865)-</subfield></datafield><datafield ind1=" " ind2=" " tag="500"><subfield code="a">Published as: Weekly news and republic, &lt;Apr. 20-Aug. 24, 1865&gt;.</subfield></datafield><datafield ind1=" " ind2="0" tag="651"><subfield code="a">Springfield (Ohio)</subfield><subfield code="v">Newspapers.</subfield></datafield><datafield ind1=" " ind2="0" tag="651"><subfield code="a">Clark County (Ohio)</subfield><subfield code="v">Newspapers.</subfield></datafield><datafield ind1=" " ind2="7" tag="655"><subfield code="a">Newspapers.</subfield><subfield code="2">fast</subfield><subfield code="0">(OCoLC)fst01423814</subfield></datafield><datafield ind1=" " ind2="7" tag="651"><subfield code="a">Ohio</subfield><subfield code="z">Clark County.</subfield><subfield code="2">fast</subfield><subfield code="0">(OCoLC)fst01206462</subfield></datafield><datafield ind1=" " ind2="7" tag="651"><subfield code="a">Ohio</subfield><subfield code="z">Springfield.</subfield><subfield code="2">fast</subfield><subfield code="0">(OCoLC)fst01219897</subfield></datafield><datafield ind1=" " ind2=" " tag="752"><subfield code="a">United States</subfield><subfield code="b">Ohio</subfield><subfield code="c">Clark</subfield><subfield code="d">Springfield.</subfield></datafield><datafield ind1="0" ind2=" " tag="775"><subfield code="t">Springfield daily news and republic</subfield><subfield code="w">(DLC)sn 87076913</subfield></datafield><datafield ind1="0" ind2=" " tag="775"><subfield code="t">Springfield tri-weekly news and republic</subfield></datafield><datafield ind1="0" ind2="4" tag="780"><subfield code="t">Weekly Springfield republic</subfield><subfield code="w">(DLC)sn 85042751</subfield></datafield><datafield ind1="0" ind2="4" tag="785"><subfield code="t">Springfield weekly news</subfield><subfield code="w">(DLC)sn 87076909</subfield></datafield><datafield ind1="0" ind2="0" tag="785"><subfield code="t">Springfield weekly republic (Springfield, Ohio : 1866)</subfield><subfield code="w">(DLC)sn 83035410</subfield></datafield></record>